@BOOK{source,
author		= {Author},
date		= {Date},
location	= {Location},
publisher	= {Publisher},
title		= {Title}}