@book{scivias,
	address = {997 Macarthur Boulevard Mahwah, New Jersey 07430},
	title = {Scivias},
	publisher = {Paulist Press},
	author = {Hildegard},
	date = {1151}
}
@book{motc,
    author = {Evelyn Underhill},
    title = {The Mystics of the Church},
    publisher = {James Clark Co Ltd London},
    year = {1925}
}
@book{vw,
    author = {Rosemary Radford Ruether},
    title = {Visionary Women},
    publisher = {Fortress Press},
    year = {2002}
}
@book{bitel,
    author = {Lisa Bitel},
    title = {Women in Early Medieval Europe, 400-1100},
    publisher = {Cambridge University Press},
    year = {2002}
}
@book{bennett,
    author = {Judith Bennett},
    title = {Women in the Medieval English Countryside},
    publisher = {Oxford University Press},
    year = {1987}
}
@book{chadwick,
    author = {Whitney Chadwick},
    title = {Women, Art, and Society},
    publisher = {Thames & Hudson Inc.},
    year = {1990}
}
@misc{khan,
    title = {Medieval Women in Western Europe, c.1000-1350 CE},
    author = {Khan Academy},
    howpublished = {https://www.khanacademy.org/humanities/whp-origins/era-4-regional/43-a-dark-age-betaa/a/read-medieval-women-in-western-europe-1000-1350-beta},
    note = {Accessed 12-9-2023}
}
@misc{nihil,
    title = {The Headache of St. Hildegard of Bingen},
    howpublished = {https://nihilobstat.info/2020/06/19/the-headache-of-st-hildegard-of-bingen/},
    note = {Accessed 12-9-2023}
}
@misc{singer,
    title = {The Visions of Hildegard Bingen},
    author = {Charles Singer},
    publisher = {Yale Journal of Biology and Medicine},
    howpublished = {https://www.ncbi.nlm.nih.gov/pmc/articles/PMC2259136/pdf/16197730.pdf},
    note = {Accessed 12-4-2023}
}
@misc{hh,
    title = {Healthy Hildegard},
    howpublished = {\url{https://www.healthyhildegard.com/scivias-illustrations/}},
    note = {Accessed 11-30-2023}
}
@misc{ISHVBS,
    title = {Liber Divinorum Operum},
    author = {Nathaniel M. Campbell},
    howpublished = {\url{http://www.hildegard-society.org/p/liber-divinorum-operum.html}},
    note = {Accessed 11-30-2023}
}
