@book{scivias,
	address = {997 Macarthur Boulevard Mahwah, New Jersey 07430},
	title = {Scivias},
	publisher = {Paulist Press},
	author = {Hildegard of Bingen},
	date = {1151}
}